@article{sanders_1968-pL,
title = {Marine benthic diversity: A comparative study},
author = {Sanders, Howard L.},
pages = {243-282},
url = {http://www.journals.uchicago.edu/doi/10.1086/282541},
year = {1968},
month = {may},
urldate = {2017-08-08},
journal = {Am Nat},
volume = {102},
number = {925},
issn = {0003-0147},
doi = {10.1086/282541},
f1000-projects = {BVI}
}
@article{loyasalinas_1990-hZ,
title = {Contribution To The Calculation Of The Biological Value Index (Sanders, 1960)},
author = {Loya-Salinas, DH and Escofet, A.},
url = {http://cienciasmarinas.com.mx/index.php/cmarinas/article/view/688/617},
year = {1990},
month = {mar},
day = {6},
urldate = {2017-08-08},
journal = {Ciencias Marinas},
f1000-projects = {BVI}
}
@article{sanders_1960-y1,
title = {Benthic studies in buzzards bay iii. the structure of the soft-bottom community1},
author = {Sanders, Howard L.},
pages = {138-153},
url = {http://doi.wiley.com/10.4319/lo.1960.5.2.0138},
year = {1960},
month = {apr},
urldate = {2017-08-08},
journal = {Limnol. Oceanogr.},
volume = {5},
number = {2},
issn = {00243590},
doi = {10.4319/lo.1960.5.2.0138},
f1000-projects = {BVI}
}
