@Manual{rcore_2017,
    title = {R: A Language and Environment for Statistical Computing},
    author = {{R Core Team}},
    organization = {R Foundation for Statistical Computing},
    address = {Vienna, Austria},
    year = {2017},
    url = {https://www.R-project.org/},
}
  
@Manual{stargazer_2015,
    title = {stargazer: Well-Formatted Regression and Summary Statistics Tables},
    author = {Marek Hlavac},
    year = {2015},
    note = {R package version 5.2},
    organization = {Harvard University},
    address = {Cambridge, USA},
    url = {http://CRAN.R-project.org/package=stargazer},
}
  
@Manual{RColorBrewer_2014,
    title = {RColorBrewer: ColorBrewer Palettes},
    author = {Erich Neuwirth},
    year = {2014},
    note = {R package version 1.1-2},
    url = {https://CRAN.R-project.org/package=RColorBrewer},
}
  
@Article{sandwich_2014,
    title = {Econometric Computing with HC and HAC Covariance Matrix Estimators},
    author = {Achim Zeileis},
    journal = {Journal of Statistical Software},
    year = {2004},
    volume = {11},
    number = {10},
    pages = {1--17},
    url = {http://www.jstatsoft.org/v11/i10/},
}

@Article{lmtest_2002,
    title = {Diagnostic Checking in Regression Relationships},
    author = {Achim Zeileis and Torsten Hothorn},
    journal = {R News},
    year = {2002},
    volume = {2},
    number = {3},
    pages = {7--10},
    url = {https://CRAN.R-project.org/doc/Rnews/},
}

@Manual{broom_2017,
    title = {broom: Convert Statistical Analysis Objects into Tidy Data Frames},
    author = {David Robinson},
    year = {2017},
    note = {R package version 0.4.2},
    url = {https://CRAN.R-project.org/package=broom},
}

@Manual{tmap_2017,
    title = {tmap: Thematic Maps},
    author = {Martijn Tennekes},
    year = {2017},
    note = {R package version 1.10},
    url = {https://CRAN.R-project.org/package=tmap},
}

@Manual{tmaptools_2017,
    title = {tmaptools: Thematic Map Tools},
    author = {Martijn Tennekes},
    year = {2017},
    note = {R package version 1.2-1},
    url = {https://CRAN.R-project.org/package=tmaptools},
}

@Manual{rgdal_2017,
    title = {rgdal: Bindings for the Geospatial Data Abstraction Library},
    author = {Roger Bivand and Tim Keitt and Barry Rowlingson},
    year = {2017},
    note = {R package version 1.2-7},
    url = {https://CRAN.R-project.org/package=rgdal},
}

@Article{sp_2017,
    author = {Edzer J. Pebesma and Roger S. Bivand},
    title = {Classes and methods for spatial data in {R}},
    journal = {R News},
    year = {2005},
    volume = {5},
    number = {2},
    pages = {9--13},
    month = {November},
    url = {https://CRAN.R-project.org/doc/Rnews/},
}

@Manual{RefManager_2014,
    author = {Mathew William McLean},
    title = {Straightforward Bibliography Management in R Using the RefManager Package},
    note = {arXiv: 1403.2036 [cs.DL]. Submitted},
    year = {2014},
    url = {http://arxiv.org/abs/1403.2036},
}

@Manual{tidyverse_2017,
    title = {tidyverse: Easily Install and Load 'Tidyverse' Packages},
    author = {Hadley Wickham},
    year = {2017},
    note = {R package version 1.1.1},
    url = {https://CRAN.R-project.org/package=tidyverse},
}

@Manual{knitr_2017,
    title = {knitr: A General-Purpose Package for Dynamic Report Generation in R},
    author = {Yihui Xie},
    year = {2017},
    note = {R package version 1.16},
    url = {http://yihui.name/knitr/},
}

@Manual{rmarkdown_2017,
    title = {rmarkdown: Dynamic Documents for R},
    author = {JJ Allaire and Joe Cheng and Yihui Xie and Jonathan McPherson and Winston Chang and Jeff Allen and Hadley Wickham and Aron Atkins and Rob Hyndman and Ruben Arslan},
    year = {2017},
    note = {R package version 1.6},
    url = {https://CRAN.R-project.org/package=rmarkdown},
}

@Manual{e1071,
    title = {e1071: Misc Functions of the Department of Statistics, Probability
Theory Group (Formerly: E1071), TU Wien},
    author = {David Meyer and Evgenia Dimitriadou and Kurt Hornik and Andreas Weingessel and Friedrich Leisch},
    year = {2017},
    note = {R package version 1.6-8},
    url = {https://CRAN.R-project.org/package=e1071},
}

@Manual{kableExtra_2017,
    title = {kableExtra: Construct Complex Table with 'kable' and Pipe Syntax},
    author = {Hao Zhu},
    year = {2017},
    note = {R package version 0.3.0},
    url = {https://CRAN.R-project.org/package=kableExtra},
}